<?xml version="1.0" encoding="UTF-8"?><collection xmlns:xsi="http://www.w3.org/2001/XMLSchema-instance" xmlns="http://www.loc.gov/MARC21/slim" xsi:schemaLocation="http://www.loc.gov/MARC21/slim http://www.loc.gov/standards/marcxml/schema/MARC21slim.xsd"><record><leader>08767ntm a2200661 a 4500</leader><controlfield tag="001">005245329</controlfield><controlfield tag="003">MiAaHDL</controlfield><controlfield tag="005">20241230000000.0</controlfield><controlfield tag="006">m        d        </controlfield><controlfield tag="007">cr bn ---auaua</controlfield><controlfield tag="008">060714m15251665|||           000 0 ara  </controlfield><datafield tag="035" ind1=" " ind2=" "><subfield code="a">(MiU)990052453290106381</subfield></datafield><datafield tag="035" ind1=" " ind2=" "><subfield code="a">sdr-miu.990052453290106381</subfield></datafield><datafield tag="035" ind1=" " ind2=" "><subfield code="z">(MiU)MIU01000000000000005245329-goog</subfield></datafield><datafield tag="035" ind1=" " ind2=" "><subfield code="a">(OCoLC)81282553</subfield></datafield><datafield tag="035" ind1=" " ind2=" "><subfield code="a">(RLIN)MIUG06-B2981</subfield></datafield><datafield tag="035" ind1=" " ind2=" "><subfield code="z">(MiU)Aleph005245329</subfield></datafield><datafield tag="040" ind1=" " ind2=" "><subfield code="a">MiU</subfield><subfield code="c">MiU</subfield><subfield code="e">amremm</subfield><subfield code="d">UtOrBLW</subfield></datafield><datafield tag="043" ind1=" " ind2=" "><subfield code="a">n-us-mi</subfield></datafield><datafield tag="100" ind1="1" ind2=" "><subfield code="6">880-01</subfield><subfield code="a">Kūrānī, Ibrāhīm ibn Ḥasan,</subfield><subfield code="d">1616 or 1617-approximately 1690.</subfield><subfield code="0">http://id.loc.gov/authorities/names/nr91027100</subfield><subfield code="1">http://id.loc.gov/rwo/agents/nr91027100</subfield></datafield><datafield tag="245" ind1="1" ind2="0"><subfield code="6">880-02</subfield><subfield code="a">[Maslak al-iʻtidāl ilá fahm āyat khalq al-aʻmāl maʻa Sharḥ Naẓm al-durar fī muwāfaqāt ʻUmar,</subfield><subfield code="f">16th and 17th century?].</subfield></datafield><datafield tag="260" ind1=" " ind2=" "><subfield code="c">[ca.1525 and ca.1665?]</subfield></datafield><datafield tag="300" ind1=" " ind2=" "><subfield code="a">38 leaves :</subfield><subfield code="b">paper ;</subfield><subfield code="c">215 x 157 (155 x 85-110) mm. bound to 220 x 160 mm</subfield></datafield><datafield tag="336" ind1=" " ind2=" "><subfield code="a">text</subfield><subfield code="b">txt</subfield><subfield code="2">rdacontent</subfield></datafield><datafield tag="337" ind1=" " ind2=" "><subfield code="a">unmediated</subfield><subfield code="b">n</subfield><subfield code="2">rdamedia</subfield></datafield><datafield tag="338" ind1=" " ind2=" "><subfield code="a">volume</subfield><subfield code="b">nc</subfield><subfield code="2">rdacarrier</subfield></datafield><datafield tag="500" ind1=" " ind2=" "><subfield code="a">Origin: As appears in authorial colophon on p.24, composition (and transcription?) of opening work completed 10 Dhū al-Qaʻdah 1075 [ca. 25 May 1665]. As appears in colophon on p.79, composition of second work completed 19 Muḥarram 932 [ca. 5 November 1525] with transcription of this copy likely contemporary or completed shortly after given collation statements in the hand of the author.</subfield></datafield><datafield tag="500" ind1=" " ind2=" "><subfield code="a">Former shelfmark: "۷۷" on pasted label affixed to upper cover ; "491 T. D. M. [i.e. Tammaro De Marinis] on back flyleaf.</subfield></datafield><datafield tag="500" ind1=" " ind2=" "><subfield code="a">Binding: Pasteboards covered (faced) in a dark red, coated paper with dark brown leather over spine and edges/turn-ins (leather edged framed binding) ; Type III binding (without flap, two-piece with overlapping flanges visible at spine) ; pastedowns and flyleaves in a spring-green surface-dyed, coated wove paper ; upper and lower covers carry gold-painted rule-border ; sewn in yellow thread, two stations ; worked chevron endbands in red and yellow, good condition (protected by extended spine leather) ; overall in fair condition with some abrasion, etc.</subfield></datafield><datafield tag="500" ind1=" " ind2=" "><subfield code="a">Support: European and non-European laid papers ; opening work on European laid paper with 11 laid lines per cm. (vertical) and chain lines spaced 24 mm. apart (horizontal), and sturdy, medium cream in color, quite well-burnished ; second work on a non-European (likely Arab) laid paper with 8 laid lines per cm. (vertical, fairly distinct) and chain lines grouped in threes with 13-14 mm. between chains and roughly 38 mm. between groups, quite sturdy, fairly thick, and well-burnished to glossy.</subfield></datafield><datafield tag="500" ind1=" " ind2=" "><subfield code="a">Decoration: Keywords and some abbreviation symbols rubricated ; textual dividers in the form of red inverted commas.</subfield></datafield><datafield tag="500" ind1=" " ind2=" "><subfield code="a">Script: Naskh ; two main hands, distinct hand for each work ; opening work in a clear naskh, virtually serifless, with slight effect of tilt to the right and left, quite rounded with some elongation of horizontal strokes, curvilinear descenders, and pointing in distinct dots ; second work in a clear but larger and more spacious naskh, written in quite a thin line, virtually serifless displaying an open and horizontal character (elongated in the horizontal), with curvilinear but somewhat flattened descenders, kāf mashqūqah preferred, pointing in distinct dots.</subfield></datafield><datafield tag="500" ind1=" " ind2=" "><subfield code="a">Layout: Written in 29 and 23 lines per page ; frame-ruled.</subfield></datafield><datafield tag="500" ind1=" " ind2=" "><subfield code="a">Collation: ii, V (10), V-1 (19), V (29), ii ; exclusively quinions (one anomalous) ; catchwords present ; quire numbering in the form of whole words in the upper outer corner of the recto of the opening leaf ; pagination in pencil, Western numerals, supplied during digitization (includes flyleaves).</subfield></datafield><datafield tag="500" ind1=" " ind2=" "><subfield code="a">Colophon: [Maslak al-iʻtidāl] "Authorial," reads: "قال المؤلف ابراهيم بن حسن الكوراني سامحه الله تعالى تم يوم الثلثا عشار ذي القعدة سنه ۱۰۷٥" ; [ Sharḥ Naẓm al-durar fī muwāfaqāt ʻUmar] ; "Authorial," reads: "قال مؤلفه هذا اخر ما قصدنا ايراده من هذا الكتاب المبارك النافع ان شاء الله تعالى وكان الفراغ من تأليفه يوم الاثنين وقت الظهر تاسع عشر شهر الله المحرم الحرام عام اثنين وثلاثين وتسعمائة ... ولا حول ولا قوة الا بالله العلي العظيم"</subfield></datafield><datafield tag="500" ind1=" " ind2=" "><subfield code="a">Explicit: [Maslak al-iʻtidāl] "اقتضت الحكمة اظهارها جودا ورحمة وبالله التوفيق ولي النعمة والحمد لله رب العالمين قال المؤلف ابراهيم بن حسن الكوراني سامحه الله تعالى تم يوم الثلاثا عاشر ذي القعدة سنه ۱۰۷٥" ; [ Sharḥ Naẓm al-durar fī muwāfaqāt ʻUmar] "توفي سنة خمس وخمسين على اختلاف في وفاته عن ثلاث وسبعين ينة واكثر وقيل جاوز الثمانين رضي الله عنهم اجمعين وحسبنا الله اي كافينا ونعم الوكيل اي الحافظ"</subfield></datafield><datafield tag="500" ind1=" " ind2=" "><subfield code="a">Incipit: [Maslak al-iʻtidāl] "الحمد لله الذي هدى الى توحيد الافعال في عين اثبات الكسب للعبد باذن الله العزيز الحكيم ... اما بعد فهذا بتوفيق الله مسلك الاعتدال الى فهم آية خلق الاعمال ينكشف فيه ان شاء الله اثبات الكسب للعبد باذن الله في عين توحيد الافعال ويظهر منه اختلال ما جرى عليه صاحب الكشاف بنا على قواعد الاعتزال ..." ; [ Sharḥ Naẓm al-durar fī muwāfaqāt ʻUmar] "الحمد لله نحمده ونستعينه ونستغفره ونستهديه ونؤمن به ونتوكل عليه ونسأله الخير كله ... وبعد فهذا تعليق على قصيدتي التي جمعت فيها موافقات امير المؤمنين عمر بن الخطاب رضي الله عنه المسماة بنظم الدرر في موافقات عمر يبين مرادها ويتمم مفادها اجابة لسؤال من سألني في ذلك ..."</subfield></datafield><datafield tag="500" ind1=" " ind2=" "><subfield code="a">Title supplied by cataloguer.</subfield></datafield><datafield tag="500" ind1=" " ind2=" "><subfield code="a">Ms. codex.</subfield></datafield><datafield tag="505" ind1="0" ind2=" "><subfield code="a">4. p.80 : [brief excerpt being a copy of a legal question raised before Ebusuud Efendi (d.1574) and the response].</subfield></datafield><datafield tag="505" ind1="0" ind2=" "><subfield code="a">3. p.25-p.79 : Sharḥ Naẓm al-durar fī muwāfaqāt ʻUmar / Badr al-Dīn Muḥammad ibn Muḥammad al-Ghazzī.</subfield></datafield><datafield tag="505" ind1="0" ind2=" "><subfield code="a">2. p.5-p.24 : Maslak al-iʻtidāl ilá fahm āyat khalq al-aʻmāl / Ibrāhīm ibn Ḥasan al-Kūrānī.</subfield></datafield><datafield tag="505" ind1="0" ind2=" "><subfield code="a">1. p.1-p.4 : [blank].</subfield></datafield><datafield tag="510" ind1="4" ind2=" "><subfield code="a">Brockelmann, C. GAL,</subfield><subfield code="c">I, 299</subfield></datafield><datafield tag="510" ind1="4" ind2=" "><subfield code="a">Brockelmann, C. GAL,</subfield><subfield code="c">I, 417</subfield></datafield><datafield tag="520" ind1="8" ind2=" "><subfield code="a">Careful copy of a work on divine determination of human action by Burhān al-Dīn Ibrāhim ibn Ḥasan ibn Shihāb al-Dīn al-Kurdī al-Kūrānī al-Shahrizūrī thumma al-Madanī (d.1690) followed by a commentary by Badr al-Dīn Muḥammad ibn Muḥammad al-Ghazzī (d.1577) on his own Naẓm al-durar fī muwāfaqāt ʻUmar.</subfield></datafield><datafield tag="538" ind1=" " ind2=" "><subfield code="a">Mode of access: Internet.</subfield></datafield><datafield tag="541" ind1=" " ind2=" "><subfield code="c">Purchase ;</subfield><subfield code="a">Acquired by purchase (funds donated by Horace Rackham).</subfield><subfield code="d">1924.</subfield></datafield><datafield tag="546" ind1=" " ind2=" "><subfield code="a">Arabic.</subfield></datafield><datafield tag="561" ind1=" " ind2=" "><subfield code="a">Collation statements (likely in the hand of the author) attest that this copy was collated with the exemplar e.g. "بلغ مقابلة على اصل المؤلف وهذا خطه" (see p.31, 42, 53, 62) ; glosses and numerous marginal corrections (in second work) ; some notabilia (side-heads).</subfield></datafield><datafield tag="600" ind1="0" ind2="0"><subfield code="a">ʻUmar ibn al-Khaṭṭāb,</subfield><subfield code="c">Caliph,</subfield><subfield code="d">-644</subfield><subfield code="v">Anecdotes.</subfield></datafield><datafield tag="600" ind1="1" ind2="0"><subfield code="a">Ghazzī, Badr al-Dīn Muḥammad ibn Muḥammad,</subfield><subfield code="d">1499-1577.</subfield><subfield code="t">Naẓm al-durar fī muwāfaqāt ʻUmar.</subfield></datafield><datafield tag="650" ind1=" " ind2="0"><subfield code="a">Manuscripts, Arabic</subfield><subfield code="z">Michigan</subfield><subfield code="z">Ann Arbor.</subfield></datafield><datafield tag="650" ind1=" " ind2="0"><subfield code="a">Islam</subfield><subfield code="x">Doctrines</subfield><subfield code="v">Early works to 1800.</subfield><subfield code="0">http://id.loc.gov/authorities/subjects/sh87000152</subfield></datafield><datafield tag="650" ind1=" " ind2="0"><subfield code="a">Predestination (Islam)</subfield><subfield code="v">Early works to 1800.</subfield></datafield><datafield tag="650" ind1=" " ind2="0"><subfield code="a">Free will and determinism</subfield><subfield code="x">Religious aspects</subfield><subfield code="x">Islam</subfield><subfield code="v">Early works to 1800.</subfield></datafield><datafield tag="700" ind1="1" ind2="2"><subfield code="6">880-04</subfield><subfield code="a">Ghazzī, Badr al-Dīn Muḥammad ibn Muḥammad,</subfield><subfield code="d">1499-1577.</subfield><subfield code="t">Sharḥ Naẓm al-durar fī muwāfaqāt ʻUmar.</subfield></datafield><datafield tag="773" ind1="0" ind2=" "><subfield code="a">Abdul Hamid Collection.</subfield></datafield><datafield tag="880" ind1="1" ind2="2"><subfield code="6">700-04/</subfield><subfield code="a">غزي, بدر الدين محمد بن محمد,</subfield><subfield code="t">شرح نظم الدرر في موافقات عمر.</subfield></datafield><datafield tag="880" ind1="1" ind2="0"><subfield code="6">245-02/</subfield><subfield code="a">[مسلك الاعتدال إلى فهم آية خلق الاعمال مع شرح نظم الدرر في موافقات عمر,</subfield><subfield code="f">القرن 16 والقرن 17م؟].</subfield></datafield><datafield tag="880" ind1="1" ind2=" "><subfield code="6">100-01/</subfield><subfield code="a">كوراني، ابراهيم بن حسن.</subfield></datafield><datafield tag="899" ind1=" " ind2=" "><subfield code="a">39015062655389</subfield></datafield><datafield tag="CID" ind1=" " ind2=" "><subfield code="a">005245329</subfield></datafield><datafield tag="DAT" ind1="0" ind2=" "><subfield code="a">20241218050502.0</subfield><subfield code="b">20241230000000.0</subfield></datafield><datafield tag="DAT" ind1="1" ind2=" "><subfield code="a">20250104174837.0</subfield><subfield code="b">2025-01-05T15:08:35Z</subfield></datafield><datafield tag="DAT" ind1="2" ind2=" "><subfield code="a">2015-10-02T18:00:03Z</subfield></datafield><datafield tag="CAT" ind1=" " ind2=" "><subfield code="a">SDR-MIU</subfield><subfield code="c">miu</subfield><subfield code="d">ALMA</subfield><subfield code="l">prepare.pl-004-009</subfield></datafield><datafield tag="FMT" ind1=" " ind2=" "><subfield code="a">BK</subfield></datafield><datafield tag="HOL" ind1=" " ind2=" "><subfield code="0">sdr-miu.990052453290106381</subfield><subfield code="a">MiU</subfield><subfield code="b">SDR</subfield><subfield code="c">MIU</subfield><subfield code="f">005245329</subfield><subfield code="p">mdp.39015062655389</subfield><subfield code="s">MIU</subfield><subfield code="1">990052453290106381</subfield></datafield><datafield tag="974" ind1=" " ind2=" "><subfield code="b">MIU</subfield><subfield code="c">MIU</subfield><subfield code="d">20250105</subfield><subfield code="s">lit-dlps-dc</subfield><subfield code="u">mdp.39015062655389</subfield><subfield code="y">1665</subfield><subfield code="r">pd</subfield><subfield code="q">bib</subfield><subfield code="t">non-US bib date2, date type m &lt; 1900</subfield></datafield></record></collection>